<record><leader>00000cas a2200000 a 4500</leader><controlfield tag="001">9381123</controlfield><controlfield tag="008">830406d18021803meuwr ne      0   a0eng  </controlfield><datafield ind1=" " ind2=" " tag="010"><subfield code="a">sn 83016072 </subfield></datafield><datafield ind1=" " ind2=" " tag="040"><subfield code="a">DLC</subfield><subfield code="b">eng</subfield><subfield code="c">DLC</subfield><subfield code="d">NPX</subfield><subfield code="d">NPW</subfield><subfield code="d">DLC</subfield><subfield code="d">YOX</subfield><subfield code="d">IUL</subfield><subfield code="d">MGN</subfield><subfield code="d">MBN</subfield><subfield code="d">OCL</subfield><subfield code="d">NYS</subfield><subfield code="d">OCLCG</subfield><subfield code="d">KRTAS</subfield><subfield code="d">OCLCQ</subfield><subfield code="d">OCLCO</subfield><subfield code="d">OCLCF</subfield><subfield code="d">DLC</subfield></datafield><datafield ind1="0" ind2=" " tag="022"><subfield code="a">2575-0054</subfield><subfield code="2">1</subfield></datafield><datafield ind1=" " ind2=" " tag="042"><subfield code="a">pcc</subfield><subfield code="a">nsdp</subfield></datafield><datafield ind1=" " ind2=" " tag="043"><subfield code="a">n-us-me</subfield></datafield><datafield ind1="0" ind2="0" tag="050"><subfield code="a">Newspaper 8058</subfield></datafield><datafield ind1=" " ind2="0" tag="222"><subfield code="a">Jenks' Portland gazette. Maine advertiser</subfield></datafield><datafield ind1="0" ind2="0" tag="245"><subfield code="a">Jenks' Portland gazette. Maine advertiser.</subfield></datafield><datafield ind1="3" ind2="0" tag="246"><subfield code="a">Jenks' Portland gazette. Maine advertizer</subfield></datafield><datafield ind1=" " ind2=" " tag="260"><subfield code="a">Portland, Me. :</subfield><subfield code="b">Elezer A. Jenks,</subfield><subfield code="c">1802-1803.</subfield></datafield><datafield ind1=" " ind2=" " tag="300"><subfield code="a">v. :</subfield><subfield code="b">ill. (chiefly advertisements) ;</subfield><subfield code="c">51 cm.</subfield></datafield><datafield ind1=" " ind2=" " tag="310"><subfield code="a">Weekly</subfield></datafield><datafield ind1="0" ind2=" " tag="362"><subfield code="a">Vol. 5, no. 231 (Sept. 27, 1802)-v. 6, no. 271 (July 4, 1803).</subfield></datafield><datafield ind1=" " ind2=" " tag="500"><subfield code="a">Printer: William Jenks, 1802.</subfield></datafield><datafield ind1=" " ind2=" " tag="500"><subfield code="a">Federalist.</subfield></datafield><datafield ind1=" " ind2=" " tag="530"><subfield code="a">Also issued on microfilm by the Center for Research Libraries and Readex Microprint Corp.</subfield></datafield><datafield ind1=" " ind2="0" tag="651"><subfield code="a">Portland (Me.)</subfield><subfield code="v">Newspapers.</subfield></datafield><datafield ind1=" " ind2="0" tag="651"><subfield code="a">Cumberland County (Me.)</subfield><subfield code="v">Newspapers.</subfield></datafield><datafield ind1=" " ind2="7" tag="651"><subfield code="a">Maine</subfield><subfield code="z">Cumberland County.</subfield><subfield code="2">fast</subfield><subfield code="0">(OCoLC)fst01221057</subfield></datafield><datafield ind1=" " ind2="7" tag="651"><subfield code="a">Maine</subfield><subfield code="z">Portland.</subfield><subfield code="2">fast</subfield><subfield code="0">(OCoLC)fst01213254</subfield></datafield><datafield ind1=" " ind2="7" tag="655"><subfield code="a">Newspapers.</subfield><subfield code="2">fast</subfield><subfield code="0">(OCoLC)fst01423814</subfield></datafield><datafield ind1="1" ind2=" " tag="700"><subfield code="a">Jenks, Eleazer Alley,</subfield><subfield code="d">1776-1807.</subfield></datafield><datafield ind1="1" ind2=" " tag="700"><subfield code="a">Jenks, William,</subfield><subfield code="d">1778-1866.</subfield></datafield><datafield ind1=" " ind2=" " tag="752"><subfield code="a">United States</subfield><subfield code="b">Maine</subfield><subfield code="c">Cumberland</subfield><subfield code="d">Portland.</subfield></datafield><datafield ind1="0" ind2="0" tag="780"><subfield code="t">Jenks's Portland gazette</subfield><subfield code="x">2575-0046</subfield><subfield code="w">(DLC)sn 83016063</subfield><subfield code="w">(OCoLC)2262907</subfield></datafield><datafield ind1="0" ind2="0" tag="785"><subfield code="t">Jenks' Portland gazette. and Maine advertiser</subfield><subfield code="w">(DLC)sn 83021505</subfield><subfield code="w">(OCoLC)10213838</subfield></datafield><datafield ind1=" " ind2=" " tag="938"><subfield code="a">Kirtas Technologies, Inc.</subfield><subfield code="b">KRTS</subfield><subfield code="n">736447</subfield></datafield><datafield ind1="1" ind2=" " tag="029"><subfield code="a">AU@</subfield><subfield code="b">000020121422</subfield></datafield></record>